@article{papadopoulos2017making,
  title={Making NSEC5 practical for DNSSEC},
  author={Papadopoulos, Dimitrios and Wessels, Duane and Huque, Shumon and Naor, Moni and V{\v{c}}el{\'a}k, Jan and Reyzin, Leonid and Goldberg, Sharon},
  journal={Cryptology ePrint Archive},
  year={2017}
}
@book{antonopoulos2018mastering,
  title={Mastering ethereum: building smart contracts and dapps},
  author={Antonopoulos, Andreas M and Wood, Gavin},
  year={2018},
  publisher={O'reilly Media}
}

@misc{chainlink,
  author = {{Chain Link}},
  title = {Verifiable source of randomness
for smart contract developers},
  url = {https://chain.link/vrf},
  urldate = {2022-7-20}
}

@article{chen2016algorand,
  title={Algorand},
  author={Chen, Jing and Micali, Silvio},
  journal={arXiv preprint arXiv:1607.01341},
  year={2016}
}

@misc{ethereumWhitePaper,
  author = {{Ethereum White Paper}},
  title = {Ethereum virtual machine},
  url = {https://ethereum.org/vi/developers/docs/evm/},
  urldate = {2022-7-20}
}

@article{wood2014ethereum,
  title={Ethereum: A secure decentralised generalised transaction ledger},
  author={Wood, Gavin and others}
}

@article{pornin2013rfc,
  title={RFC 6979: Deterministic usage of the digital signature algorithm (DSA) and elliptic curve digital signature algorithm (ECDSA)},
  author={Pornin, Thomas},
  journal={The Internet Engineering Task Force},
  year={2013}
}
@article{johnson2001elliptic,
  title={The elliptic curve digital signature algorithm (ECDSA)},
  author={Johnson, Don and Menezes, Alfred and Vanstone, Scott},
  journal={International journal of information security},
  volume={1},
  number={1},
  pages={36--63},
  year={2001},
  publisher={Springer}
}

@inproceedings{icart2009hash,
  title={How to hash into elliptic curves},
  author={Icart, Thomas},
  booktitle={Annual International Cryptology Conference},
  pages={303--316},
  year={2009},
  organization={Springer}
}

@inproceedings{stinson2001provably,
  title={Provably secure distributed Schnorr signatures and a (t, n) threshold scheme for implicit certificates},
  author={Stinson, Douglas R and Strobl, Reto},
  booktitle={Australasian Conference on Information Security and Privacy},
  pages={417--434},
  year={2001},
  organization={Springer}
}

@inproceedings{micali1999verifiable,
  title={Verifiable random functions},
  author={Micali, Silvio and Rabin, Michael and Vadhan, Salil},
  booktitle={40th annual symposium on foundations of computer science (cat. No. 99CB37039)},
  pages={120--130},
  year={1999},
  organization={IEEE}
}